../CVPR16/continuousocclusion.bib