@article{krahenbuhl2012efficient,
  title={Efficient inference in fully connected crfs with gaussian edge potentials},
  author={Kr{\"a}henb{\"u}hl, Philipp and Koltun, Vladlen},
  journal={arXiv preprint arXiv:1210.5644},
  year={2012}
}

@book{grimmett2010probability,
  title={Probability on graphs: random processes on graphs and lattices},
  author={Grimmett, Geoffrey},
  volume={1},
  year={2010},
  publisher={Cambridge University Press},
  url={http://www.statslab.cam.ac.uk/~grg/books/USpgs-rev3.pdf}
}
