@inproceedings{song2014eccv,
  author = {Shiyu Song and Manmohan Chandraker},
  title = {High accuracy monocular {3D} object localization for autonomous
	  driving},
  booktitle = {ECCV},
  year = 2014
}

@article{ma2003point,
  title={Point inversion and projection for NURBS curve and surface: control polygon approach},
  author={Ma, Ying Liang and Hewitt, W Terry},
  journal={Computer Aided Geometric Design},
  volume={20},
  number={2},
  pages={79--99},
  year={2003},
  publisher={Elsevier}
}

@inproceedings{chen2007improved,
  title={Improved Algebraic Algorithm on Point projection for B{\'{}} eziercurves},
  author={Chen, Xiao-Diao and Zhou, Yin and Shu, Zhenyu and Su, Hua and Paul, J-C},
  booktitle={Computer and Computational Sciences, 2007. IMSCCS 2007. Second International Multi-Symposiums on},
  pages={158--163},
  year={2007},
  organization={IEEE}
}

@inproceedings{yao2012describing,
  title={Describing the scene as a whole: Joint object detection, scene classification and semantic segmentation},
  author={Yao, Jian and Fidler, Sanja and Urtasun, Raquel},
  booktitle={Computer Vision and Pattern Recognition (CVPR), 2012 IEEE Conference on},
  pages={702--709},
  year={2012},
  organization={IEEE}
}

@article{milan2013continuous,
  title={Continuous energy minimization for multi-target tracking},
  author={Milan, Anton and Roth, Stefan and Schindler, Konrad},
  year={2013},
  publisher={IEEE}
}
